@article{CPPN,
 author = {Stanley, Kenneth O.},
 title = {Compositional Pattern Producing Networks: A Novel Abstraction of Development},
 journal = {Genetic Programming and Evolvable Machines},
 issue_date = {June 2007},
 volume = {8},
 number = {2},
 month = jun,
 year = {2007},
 issn = {1389-2576},
 pages = {131--162},
 numpages = {32},
 url = {http://dx.doi.org/10.1007/s10710-007-9028-8},
 doi = {10.1007/s10710-007-9028-8}
}

@article{StochCP,
  author    = {Armagan Tarim and
               Suresh Manandhar and
               Toby Walsh},
  title     = {Stochastic Constraint Programming: {A} Scenario-Based Approach},
  journal   = {CoRR},
  volume    = {abs/0903.1150},
  year      = {2009},
  url       = {http://arxiv.org/abs/0903.1150},
  archivePrefix = {arXiv},
  eprint    = {0903.1150}
}

@article{metrics,
author = {Dupačová, Jitka and Groewe-Kuska, N and Roemisch, Werner},
year = {2003},
month = {01},
pages = {493-},
title = {Scenario Reduction in Stochastic Programming: An Approach Using Probability Metrics},
volume = {95},
journal = {Mathematical Programming}
}