@article{CPPN,
 author = {Stanley, Kenneth O.},
 title = {Compositional Pattern Producing Networks: A Novel Abstraction of Development},
 journal = {Genetic Programming and Evolvable Machines},
 issue_date = {June 2007},
 volume = {8},
 number = {2},
 month = jun,
 year = {2007},
 issn = {1389-2576},
 pages = {131--162},
 numpages = {32},
 url = {http://dx.doi.org/10.1007/s10710-007-9028-8},
 doi = {10.1007/s10710-007-9028-8}
}

@book{CBLS,
 author = {Van Hentenryck, Pascal and Michel, Laurent},
 title = {Constraint-Based Local Search},
 publisher = {The MIT Press},
 year = {2005}
} 

@article{StochCP,
  author    = {Armagan Tarim and
               Suresh Manandhar and
               Toby Walsh},
  title     = {Stochastic Constraint Programming: {A} Scenario-Based Approach},
  journal   = {CoRR},
  volume    = {abs/0903.1150},
  year      = {2009},
  url       = {http://arxiv.org/abs/0903.1150},
  archivePrefix = {arXiv},
  eprint    = {0903.1150}
}

@article{metrics,
author = {Dupačová, Jitka and Groewe-Kuska, N and Roemisch, Werner},
year = {2003},
month = {01},
pages = {493-},
title = {Scenario Reduction in Stochastic Programming: An Approach Using Probability Metrics},
volume = {95},
journal = {Mathematical Programming}
}

@book{Hoos2005,
author = {Hoos, Holger H. and Stützle, Thomas},
title = {Stochastic Local Search: Foundations and Applications},
publisher = {Elsevier},
year = {2005}
}

@article{Bessiere2011,
author = {Bessière, Christian and Boizumault, Patrice and de Givry, Simon and Gutierrez, Patricia and Loudni, Samir and Métivier, Jp and Schiex, Thomas},
year = {2011},
title = {Decomposing Global Cost Functions},
journal = {journal à chercher}
}

@article{Bessiere2015,
author = {Bessiere, Christian and Koriche, Frederic and Lazaar, Nadjib and O'Sullivan, Barry},
year = {2015},
title = {Constraint Acquisition},
volume = {244},
journal = {Artificial Intelligence}
}

@inproceedings{Puget2004,
author = {Puget, Jean-Francois},
year = {2004},
pages = {5-8},
title = {Constraint Programming Next Challenge: Simplicity of Use},
volume = {3258},
booktitle = {conf à chercher}
}

@inproceedings{Wallace2003,
author = {Wallace, Mark},
year = {2003},
pages = {37-52},
title = {Languages versus Packages for Constraint Problem Solving},
volume = {2833},
booktitle = {conf à chercher}
}

@inproceedings{PR2005,
author = {Prestwich, Steven and Roli, Andrea},
year = {2005},
pages = {273-287},
title = {Symmetry Breaking and Local Search Spaces},
volume = {3524},
booktitle = {conf à chercher}
}

@article{LK2014,
author = {H. M. Lee, J and Leung, Ka Lun, Mario},
year = {2014},
title = {Consistency Techniques for Flow-Based Projection-Safe Global Cost Functions in Weighted Constraint Satisfaction},
volume = {43},
journal = {Journal of Artificial Intelligence Research}
}

@inproceedings{AMJFH2011,
author = {Akg\"un, \"Ozg\"ur and Miguel, Ian and Jefferson, Christopher and Frisch, Alan and Hnich, Brahim},
year = {2011},
title = {Extensible Automated Constraint Modelling},
volume = {1},
booktitle = {Proceedings of the National Conference on Artificial Intelligence}
}